@techreport{DFO2017,
  author       = {{Fisheries and Oceans Canada}},
  title        = {Musquash Estuary Marine Protected Area (MPA)},
  institution  = {Department of Fisheries and Oceans},
  year         = {2017},
  url          = {https://www.dfo-mpo.gc.ca/oceans/mpa-zpm/musquash/index-eng.html},
  note         = {Accessed: April 14, 2025}
}


@article{glud2008oxygen,
  author = {Glud, Ronnie N.},
  title = {Oxygen dynamics of marine sediments},
  journal = {Marine Biology Research},
  volume = {4},
  number = {4},
  pages = {243--289},
  year = {2008},
  publisher = {Taylor \& Francis},
  doi = {10.1080/17451000801888726},
  url = {https://doi.org/10.1080/17451000801888726}
}
